@book{falconer2014fractal,
  title     = {Fractal Geometry: Mathematical Foundations and Applications},
  author    = {Falconer, Kenneth},
  year      = {2014},
  publisher = {Wiley}
}
@article{granovetter1973strength,
  title   = {The Strength of Weak Ties},
  author  = {Granovetter, Mark},
  journal = {American Journal of Sociology},
  year    = {1973},
  volume  = {78},
  pages   = {1360--1380}
}

@article{zhou2005discrete,
  title   = {Discrete Hierarchical Organisation of Social Group Sizes},
  author  = {Zhou, W. X. and Sornette, D. and Hill, R. A. and Dunbar, R. I. M.},
  journal = {Proceedings of the Royal Society B},
  year    = {2005},
  volume  = {272},
  pages   = {439--444}
}

@article{borgatti2000models,
  title   = {Models of Core–Periphery Structures},
  author  = {Borgatti, S. P. and Everett, M. G.},
  journal = {Social Networks},
  year    = {2000},
  volume  = {21},
  pages   = {375--395}
}

@article{gao2022collective,
  title   = {Collective Mobility Patterns after COVID‑19 Lockdown},
  author  = {Gao, J. and Liu, X. and Ruan, S.},
  journal = {Nature Human Behaviour},
  year    = {2022},
  volume  = {6},
  pages   = {1321--1330}
}

@book{murray2002mathematical,
  title   = {Mathematical Biology: Spatial Models and Biomedical Applications},
  author  = {Murray, J. D.},
  publisher = {Springer},
  year    = {2002}
}

@book{mandelbrot1983fractal,
  title   = {The Fractal Geometry of Nature},
  author  = {Mandelbrot, B. B.},
  publisher = {W. H. Freeman},
  year    = {1983}
}

@article{krioukov2010hyperbolic,
  title   = {Hyperbolic Geometry of Complex Networks},
  author  = {Krioukov, D. and Papadopoulos, F. and Kitsak, M. and Vahdat, A. and Boguñá, M.},
  journal = {Physical Review E},
  year    = {2010},
  volume  = {82},
  pages   = {036106}
}
@article{zhou2005,
  author    = {W. X. Zhou and D. Sornette},
  title     = {Self-organizing Ising model of financial markets},
  journal   = {The European Physical Journal B},
  year      = {2005},
  volume    = {50},
  number    = {4},
  pages     = {543--547},
  doi       = {10.1140/epjb/e2005-00031-4}
}