


@article{DeDeyne2019,
  title = {The “Small World of Words” English word association norms for over 12,000 cue words},
  author = {De Deyne, Simon and Navarro, Danielle J. and Perfors, Amy and Brysbaert, Marc and Storms, Gert},
  journal = {Behavior Research Methods},
  volume = {51},
  number = {3},
  pages = {987--1006},
  year = {2019},
  doi = {10.3758/s13428-018-1115-7}
}

@book{Newman2010Networks,
  title = {Networks: An Introduction},
  author = {Newman, M. E. J.},
  year = {2010},
  publisher = {Oxford University Press},
  address = {Oxford, UK}
}

@article{Watts1998Nature,
  title = {Collective dynamics of ‘small-world’ networks},
  author = {Watts, Duncan J. and Strogatz, Steven H.},
  journal = {Nature},
  volume = {393},
  number = {6684},
  pages = {440--442},
  year = {1998},
  doi = {10.1038/30918}
}

@article{Latora2001PRL,
  title = {Efficient behavior of small-world networks},
  author = {Latora, Vito and Marchiori, Massimo},
  journal = {Physical Review Letters},
  volume = {87},
  number = {19},
  pages = {198701},
  year = {2001},
  doi = {10.1103/PhysRevLett.87.198701}
}

@article{Shannon1948,
  title = {A mathematical theory of communication},
  author = {Shannon, Claude E.},
  journal = {Bell System Technical Journal},
  volume = {27},
  pages = {379--423, 623--656},
  year = {1948},
  doi = {10.1002/j.1538-7305.1948.tb01338.x}
}

@article{Burda2009PNAS,
  title = {Localization of the maximal entropy random walk},
  author = {Burda, Zdzisław and Duda, Jerzy and Luck, Jean-Marc and Wacław, Bartłomiej},
  journal = {Proceedings of the National Academy of Sciences},
  volume = {106},
  number = {19},
  pages = {8205--8210},
  year = {2009},
  doi = {10.1073/pnas.0810951106}
}

@article{Ollivier2009,
  title = {Ricci curvature of Markov chains on metric spaces},
  author = {Ollivier, Yann},
  journal = {Journal of Functional Analysis},
  volume = {256},
  number = {3},
  pages = {810--864},
  year = {2009},
  doi = {10.1016/j.jfa.2008.11.001}
}

@article{Forman2003,
  title = {Bochner’s Method for Cell Complexes and Combinatorial Ricci Curvature},
  author = {Forman, Robin},
  journal = {Discrete and Computational Geometry},
  volume = {29},
  number = {3},
  pages = {323--374},
  year = {2003},
  doi = {10.1007/s00454-002-0743-x}
}

@inproceedings{Grover2016node2vec,
  title = {{node2vec}: Scalable Feature Learning for Networks},
  author = {Grover, Aditya and Leskovec, Jure},
  booktitle = {Proceedings of the 22nd ACM SIGKDD International Conference on Knowledge Discovery and Data Mining},
  pages = {855--864},
  year = {2016},
  doi = {10.1145/2939672.2939754}
}

@article{McInnes2018UMAP,
  title = {{UMAP}: Uniform Manifold Approximation and Projection for Dimension Reduction},
  author = {McInnes, Leland and Healy, John and Melville, James},
  journal = {arXiv preprint arXiv:1802.03426},
  year = {2018}
}

@article{Campello2015,
  title = {Hierarchical Density Estimates for Data Clustering, Visualization, and Outlier Detection},
  author = {Campello, Ricardo J. G. B. and Moulavi, Davoud and Sander, Jörg},
  journal = {ACM Transactions on Knowledge Discovery from Data},
  volume = {10},
  number = {1},
  pages = {5:1--5:51},
  year = {2015},
  doi = {10.1145/2733381}
}


@article{Sandhu2016SciRep,
  title = {Graph curvature for differentiating cancer networks},
  author = {Sandhu, Romeil S. and Georgiou, Tryphon and Reznik, Ed and Zhu, Li and Kolesov, Grigory and Senbabaoglu, Yasin and Tannenbaum, Allen},
  journal = {Scientific Reports},
  volume = {5},
  pages = {12323},
  year = {2015},
  doi = {10.1038/srep12323}
}

@article{Bullmore2009NatRevNeuro,
  title = {Complex brain networks: graph theoretical analysis of structural and functional systems},
  author = {Bullmore, Ed and Sporns, Olaf},
  journal = {Nature Reviews Neuroscience},
  volume = {10},
  number = {3},
  pages = {186--198},
  year = {2009},
  doi = {10.1038/nrn2575}
}

@article{CarhartHarris2014,
  title = {The entropic brain: a theory of conscious states informed by neuroimaging research with psychedelic drugs},
  author = {Carhart-Harris, Robin L. and Leech, Robert and Hellyer, Peter J. and Shanahan, Murray and Feilding, Amanda and Tagliazucchi, Enzo and Chialvo, Dante R. and Nutt, David},
  journal = {Frontiers in Human Neuroscience},
  volume = {8},
  pages = {20},
  year = {2014},
  doi = {10.3389/fnhum.2014.00020}
}

@article{Louvain2008,
  title = {Fast unfolding of communities in large networks},
  author = {Blondel, Vincent D. and Guillaume, Jean-Loup and Lambiotte, Renaud and Lefebvre, Etienne},
  journal = {Journal of Statistical Mechanics: Theory and Experiment},
  volume = {2008},
  number = {10},
  pages = {P10008},
  year = {2008},
  doi = {10.1088/1742-5468/2008/10/P10008}
}

@article{Leiden2019,
  title = {From Louvain to Leiden: guaranteeing well-connected communities},
  author = {Traag, Vincent A. and Waltman, Ludo and van Eck, Nees Jan},
  journal = {Scientific Reports},
  volume = {9},
  number = {1},
  pages = {5233},
  year = {2019},
  doi = {10.1038/s41598-019-41695-z}
}
@article{McInnes2017HDBSCAN,
  title = {hdbscan: Hierarchical density based clustering},
  author = {McInnes, Leland and Healy, John and Astels, Steve},
  journal = {Journal of Open Source Software},
  volume = {2},
  number = {11},
  pages = {205},
  year = {2017},
  doi = {10.21105/joss.00205}
}

@article{POT,
  title = {POT: Python Optimal Transport},
  author = {Flamary, Rémi and Courty, Nicolas and Gramfort, Alexandre and others},
  journal = {Journal of Machine Learning Research},
  volume = {22},
  number = {78},
  pages = {1--8},
  year = {2021}
}

@article{NetworkX,
  title = {NetworkX},
  author = {Hagberg, Aric and Schult, Daniel and Swart, Pieter},
  journal = {Proceedings of the Python in Science Conference},
  pages = {11--15},
  year = {2008}
}

@misc{GraphRicciCurvature,
  title = {GraphRicciCurvature: A Python Package for Discrete Ricci Curvature},
  author = {Ni, Chien-Chun and Lin, Yu-Yao and Gao, Jie and Gu, Xianfeng and Saucan, Emil},
  year = {2019},
  howpublished = {\url{https://github.com/saibalmars/GraphRicciCurvature}}
}
