@article{Adams2016comp,
  title     = {Computational Psychiatry: Towards a Mathematically Informed Understanding of Mental Illness},
  author    = {Adams, Rick A. and Huys, Quentin J. M. and Roiser, Jonathan P.},
  year      = {2016},
  journal   = {Journal of Neurology, Neurosurgery \& Psychiatry},
  volume    = {87},
  number    = {1},
  pages     = {53--63},
  doi       = {10.1136/jnnp-2015-310737}
}

@book{APA2013,
  title     = {Diagnostic and Statistical Manual of Mental Disorders — DSM‑5},
  author    = {{American Psychiatric Association}},
  year      = {2013},
  edition   = {5},
  publisher = {American Psychiatric Publishing},
  address   = {Washington, DC},
  doi       = {10.1176/appi.books.9780890425596}
}

@article{Bassett2017network,
  title     = {Network Neuroscience},
  author    = {Bassett, Danielle S. and Sporns, Olaf},
  year      = {2017},
  journal   = {Nature Neuroscience},
  volume    = {20},
  number    = {3},
  pages     = {353--364},
  doi       = {10.1038/nn.4502}
}

@article{Beaty2016creative,
  title     = {Creative Cognition and Brain Network Dynamics},
  author    = {Beaty, Roger E. and Benedek, Mathias and Silvia, Paul J. and Schacter, Daniel L.},
  year      = {2016},
  journal   = {Trends in Cognitive Sciences},
  volume    = {20},
  number    = {2},
  pages     = {87--95},
  doi       = {10.1016/j.tics.2015.10.004}
}

@article{Bedi2015speech,
  title     = {Automated Analysis of Free Speech Predicts Psychosis Onset in High‑Risk Youths},
  author    = {Bedi, Gillinder and Carrillo, Francis and Cecchi, Guillermo A. and Slezak, Diego F. and Sigman, Mariano and de la Iglesia, Beatriz and Corcoran, C. M.},
  year      = {2015},
  journal   = {NPJ Schizophrenia},
  volume    = {1},
  pages     = {15030},
  doi       = {10.1038/npjschz.2015.30}
}

@article{CarhartHarris2014,
  title     = {The Entropic Brain: A Theory of Conscious States Informed by Neuroimaging Research with Psychedelic Drugs},
  author    = {Carhart‑Harris, Robin L. and Leech, Robert and Hellyer, Peter J. and Shanahan, Murray and others},
  year      = {2014},
  journal   = {Frontiers in Human Neuroscience},
  volume    = {8},
  pages     = {20},
  doi       = {10.3389/fnhum.2014.00020}
}

@article{CarhartHarris2019,
  title     = {{REBUS} and the Anarchic Brain: Toward a Unified Model of the Brain Action of Psychedelics},
  author    = {Carhart‑Harris, Robin L. and Friston, Karl J.},
  year      = {2019},
  journal   = {Pharmacological Reviews},
  volume    = {71},
  number    = {3},
  pages     = {316--344},
  doi       = {10.1124/pr.118.017160}
}

@article{Friston2010free,
  title     = {The Free‑Energy Principle: A Unified Brain Theory?},
  author    = {Friston, Karl J.},
  year      = {2010},
  journal   = {Nature Reviews Neuroscience},
  volume    = {11},
  number    = {2},
  pages     = {127--138},
  doi       = {10.1038/nrn2787}
}

@article{Friston2023compnos,
  title     = {Computational Psychiatry: From Synapses to Sentience},
  author    = {Friston, Karl J.},
  year      = {2023},
  journal   = {Molecular Psychiatry},
  volume    = {28},
  pages     = {256--268},
  doi       = {10.1038/s41380-022-01939-8}
}

@article{Graesser1997coherence,
  title     = {Constructing Inferences during Narrative Text Comprehension},
  author    = {Graesser, Arthur C. and Singer, Murray and Trabasso, Tom},
  year      = {1997},
  journal   = {Psychological Review},
  volume    = {101},
  number    = {3},
  pages     = {371--395},
  doi       = {10.1037/0033-295X.101.3.371}
}

@article{Helmich2021,
  title     = {Motor Imagery Training Modulates Resting‑State Entropy in Parkinson’s Disease},
  author    = {Helmich, Ingo and Janssen, Alexander M. and Fernández‑Gonzalo, Reynaldo},
  year      = {2021},
  journal   = {NeuroImage: Clinical},
  volume    = {30},
  pages     = {102666},
  doi       = {10.1016/j.nicl.2021.102666}
}

@article{Insel2010RDoC,
  title     = {Research Domain Criteria (RDoC): Toward a New Classification Framework for Research on Mental Disorders},
  author    = {Insel, Thomas R. and Cuthbert, Bruce N. and others},
  year      = {2010},
  journal   = {American Journal of Psychiatry},
  volume    = {167},
  number    = {7},
  pages     = {748--751},
  doi       = {10.1176/appi.ajp.2010.09091379}
}

@article{Kelso2012multistability,
  title     = {Multistability and Metastability: Understanding Dynamic Coordination in the Brain},
  author    = {Kelso, J. A. Scott},
  year      = {2012},
  journal   = {Philosophical Transactions of the Royal Society B},
  volume    = {367},
  number    = {1591},
  pages     = {906--918},
  doi       = {10.1098/rstb.2011.0351}
}

@article{Kenett2014semantic,
  title     = {Investigating the Structure of Semantic Networks in Low and High Creative Persons},
  author    = {Kenett, Yoed N. and Anaki, David and Faust, Miriam},
  year      = {2014},
  journal   = {Frontiers in Human Neuroscience},
  volume    = {8},
  pages     = {407},
  doi       = {10.3389/fnhum.2014.00407}
}

@article{Kenett2019semantic,
  title     = {Structure of Creative Cognition in the Brain: A Network Analysis},
  author    = {Kenett, Yoed N. and Beaty, Roger E. and Silvia, Paul J. and Anaki, David and Faust, Miriam},
  year      = {2019},
  journal   = {Journal of Cognitive Neuroscience},
  volume    = {31},
  number    = {5},
  pages     = {691--702},
  doi       = {10.1162/jocn_a_01382}
}

@article{Langdon2023,
  title     = {A Unifying Perspective on Neural Manifolds and Circuits for Cognition},
  author    = {Langdon, Christopher and Genkin, Mikhail and Engel, Tatiana A.},
  year      = {2023},
  journal   = {Nature Reviews Neuroscience},
  volume    = {24},
  number    = {6},
  pages     = {363--377},
  doi       = {10.1038/s41583-023-00693-x}
}

@article{Marini2005coherence,
  title     = {A Multi‑Level Approach to the Analysis of Narrative Language in Aphasia},
  author    = {Marini, Andrea and Andreetta, Silvia and Del Tin, Silvia and Carlomagno, Sergio},
  year      = {2005},
  journal   = {Aphasiology},
  volume    = {19},
  number    = {6},
  pages     = {453--469},
  doi       = {10.1080/02687030444000760}
}

@article{Pillow2015entropy,
  title     = {Neural Entropy and the Neural Code: A Neurophysiological Perspective},
  author    = {Pillow, Jonathan W. and Scott, Brian B.},
  year      = {2015},
  journal   = {Current Opinion in Neurobiology},
  volume    = {31},
  pages     = {171--176},
  doi       = {10.1016/j.conb.2015.02.004}
}

@article{Rolls2021,
  title     = {Attractor Cortical Neurodynamics, Schizophrenia, and Depression},
  author    = {Rolls, Edmund T.},
  year      = {2021},
  journal   = {Translational Psychiatry},
  volume    = {11},
  pages     = {215},
  doi       = {10.1038/s41398-021-01333-7}
}

@article{Rouse2023,
  title     = {Topological Insights into the Neural Basis of Flexible Behaviour},
  author    = {Rouse, Tevin C. and Ni, Amy M. and Huang, Chengcheng and Cohen, Marlene R.},
  year      = {2023},
  journal   = {Proceedings of the National Academy of Sciences},
  volume    = {120},
  number    = {24},
  pages     = {e2219557120},
  doi       = {10.1073/pnas.2219557120}
}

@article{Schartner2017evidence,
  title     = {Increased Spontaneous MEG Signal Diversity for Psychoactive Doses of Ketamine, LSD and Psilocybin},
  author    = {Schartner, Michael and Carhart‑Harris, Robin and Barrett, Adam and Seth, Anil and Muthukumaraswamy, Suresh},
  year      = {2017},
  journal   = {Scientific Reports},
  volume    = {7},
  pages     = {46421},
  doi       = {10.1038/srep46421}
}

@article{Silberman2015neurodiversity,
  title     = {NeuroTribes: The Legacy of Autism and the Future of Neurodiversity},
  author    = {Silberman, Steve},
  year      = {2015},
  journal   = {Avery},
  note      = {ISBN 978-1-101-87372-5}
}

@article{Sizemore2019,
  title     = {The Importance of the Whole: Topological Data Analysis for the Network Neuroscientist},
  author    = {Sizemore, Ann E. and Phillips‑Cremins, Jennifer E. and Ghrist, Robert and Bassett, Danielle S.},
  year      = {2019},
  journal   = {Network Neuroscience},
  volume    = {3},
  number    = {3},
  pages     = {656--673},
  doi       = {10.1162/netn_a_00073}
}

@article{Sporns2013network,
  title     = {Network Attributes for Segregation and Integration in the Human Brain},
  author    = {Sporns, Olaf},
  year      = {2013},
  journal   = {Current Opinion in Neurobiology},
  volume    = {23},
  number    = {2},
  pages     = {162--171},
  doi       = {10.1016/j.conb.2012.11.015}
}

@article{VanDeLeemput2014,
  title     = {Critical Slowing Down as Early Warning for the Onset and Termination of Depression},
  author    = {van de Leemput, Ilse A. and Wichers, Marieke and Cramer, Angélique O. J. and others},
  year      = {2014},
  journal   = {Proceedings of the National Academy of Sciences},
  volume    = {111},
  number    = {1},
  pages     = {87--92},
  doi       = {10.1073/pnas.1312114110}
}
