@book{mandelbrot1982,
  title={The Fractal Geometry of Nature},
  author={Mandelbrot, Benoît B.},
  year={1982},
  publisher={W. H. Freeman},
  address={New York}
}

@book{schrodinger1944,
  title={What is Life?},
  author={Schrödinger, Erwin},
  year={1944},
  publisher={Cambridge University Press}
}

@book{teilhard1959,
  title={The Phenomenon of Man},
  author={Teilhard de Chardin, Pierre},
  year={1959},
  publisher={Harper \& Row},
  address={New York}
}

@article{friston2010,
  title={The free-energy principle: a unified brain theory?},
  author={Friston, Karl},
  journal={Nature Reviews Neuroscience},
  volume={11},
  number={2},
  pages={127--138},
  year={2010},
  publisher={Nature Publishing Group}
}

@book{bateson1979,
  title={Mind and Nature: A Necessary Unity},
  author={Bateson, Gregory},
  year={1979},
  publisher={Dutton},
  address={New York}
}

@book{morin1990,
  title={Introduction à la pensée complexe},
  author={Morin, Edgar},
  year={1990},
  publisher={Seuil},
  address={Paris}
}

@book{bohm1980,
  title={Wholeness and the Implicate Order},
  author={Bohm, David},
  year={1980},
  publisher={Routledge},
  address={London}
}

@book{deleuze1993,
  title={The Fold: Leibniz and the Baroque},
  author={Deleuze, Gilles},
  year={1993},
  publisher={University of Minnesota Press},
  address={Minneapolis}
}

@book{varela1991,
  title={The Embodied Mind: Cognitive Science and Human Experience},
  author={Varela, Francisco J and Thompson, Evan and Rosch, Eleanor},
  year={1991},
  publisher={MIT Press},
  address={Cambridge}
}

@article{england2013,
  title={Statistical physics of self-replication},
  author={England, Jeremy L},
  journal={The Journal of Chemical Physics},
  volume={139},
  number={12},
  pages={121923},
  year={2013},
  publisher={AIP}
}

@article{wang2024,
  title={Fractal brain organization in primates},
  author={Wang, Y and Hilgetag, CC and Zhou, C},
  journal={eLife},
  volume={13},
  pages={e83454},
  year={2024}
}

@article{bousso2002,
  title={The holographic principle},
  author={Bousso, Raphael},
  journal={Reviews of Modern Physics},
  volume={74},
  number={3},
  pages={825--874},
  year={2002}
}