@book{schrodinger1944,
  author    = {Erwin Schrödinger},
  title     = {What is Life?},
  publisher = {Cambridge University Press},
  year      = {1944}
}

@book{prigogine1984,
  author    = {Ilya Prigogine and Isabelle Stengers},
  title     = {Order Out of Chaos: Man’s New Dialogue with Nature},
  publisher = {Bantam Books},
  year      = {1984}
}

@book{mandelbrot1982,
  author    = {Benoît B. Mandelbrot},
  title     = {The Fractal Geometry of Nature},
  publisher = {W. H. Freeman and Co.},
  year      = {1982}
}

@article{west1997,
  author  = {Geoffrey B. West and James H. Brown and Brian J. Enquist},
  title   = {A General Model for the Origin of Allometric Scaling Laws in Biology},
  journal = {Science},
  volume  = {276},
  number  = {5309},
  pages   = {122--126},
  year    = {1997},
  doi     = {10.1126/science.276.5309.122}
}

@misc{england2013,
  author = {Jeremy L. England},
  title  = {Statistical Physics of Self-Replication},
  note   = {arXiv preprint arXiv:1203.5813},
  year   = {2013}
}

@book{teilhard1955,
  author    = {Pierre Teilhard de Chardin},
  title     = {The Phenomenon of Man},
  publisher = {Harper Perennial},
  year      = {1955}
}

@book{bateson1972,
  author    = {Gregory Bateson},
  title     = {Steps to an Ecology of Mind},
  publisher = {University of Chicago Press},
  year      = {1972}
}

@book{morin2008,
  author    = {Edgar Morin},
  title     = {On Complexity},
  publisher = {Hampton Press},
  year      = {2008}
}

@book{spinoza1677,
  author = {Baruch Spinoza},
  title  = {Ethics Demonstrated in Geometrical Order},
  note   = {Original work published 1677; translated editions vary},
  year   = {1677}
}

@book{hofstadter1979,
  author    = {Douglas R. Hofstadter},
  title     = {Gödel, Escher, Bach: An Eternal Golden Braid},
  publisher = {Basic Books},
  year      = {1979}
}

@book{deacon2012,
  author    = {Terrence W. Deacon},
  title     = {Incomplete Nature: How Mind Emerged from Matter},
  publisher = {W. W. Norton \& Co.},
  year      = {2012}
}

@article{jacob1977,
  author  = {François Jacob},
  title   = {Evolution and Tinkering},
  journal = {Science},
  volume  = {196},
  number  = {4295},
  pages   = {1161--1166},
  year    = {1977},
  doi     = {10.1126/science.860134}
}

@book{gleick1987,
  author    = {James Gleick},
  title     = {Chaos: Making a New Science},
  publisher = {Viking Penguin},
  year      = {1987}
}

@book{luhmann1995,
  author    = {Niklas Luhmann},
  title     = {Social Systems},
  publisher = {Stanford University Press},
  year      = {1995}
}