@article{dedeyne2019,
  author = {De Deyne, Simon and Navarro, Danielle J. and Perfors, Amy and Brysbaert, Marc and Storms, Gert},
  title = {The ``Small World of Words'' English word association norms for over 12{,}000 cue words},
  journal = {Behavior Research Methods},
  year = {2019},
  volume = {51},
  number = {3},
  pages = {987--1006},
  doi = {10.3758/s13428-018-1115-7}
}
@article{cabana2024,
  author = {Cabana, Alan and Zugarramurdi, Carolina and Valle-Lisboa, Jan C. and De Deyne, Simon},
  title = {The ``Small World of Words'' free association norms for Rioplatense Spanish},
  journal = {Behavior Research Methods},
  year = {2024},
  volume = {56},
  number = {2},
  pages = {968--985},
  doi = {10.3758/s13428-023-02070-z}
}
@article{hollenstein2018,
  author = {Hollenstein, Nora and Rotsztejn, Jonathan and Troendle, Marius and Pedroni, Andreas and Zhang, Ce and Langer, Nicolas},
  title = {ZuCo, a simultaneous EEG and eye-tracking resource for natural sentence reading},
  journal = {Scientific Data},
  year = {2018},
  volume = {5},
  pages = {180291},
  doi = {10.1038/sdata.2018.291}
}
@inproceedings{hollenstein2020,
  author = {Hollenstein, Nora and Troendle, Marius and Zhang, Ce and Langer, Nicolas},
  title = {ZuCo 2.0: A Dataset of Physiological Recordings During Natural Reading and Annotation},
  booktitle = {Proceedings of the 12th Language Resources and Evaluation Conference (LREC)},
  year = {2020},
  pages = {138--146},
  note = {Marseille, France},
  url = {https://aclanthology.org/2020.lrec-1.18}
}
@article{ollivier2009,
  author = {Ollivier, Yann},
  title = {Ricci curvature of Markov chains on metric spaces},
  journal = {Journal of Functional Analysis},
  year = {2009},
  volume = {256},
  number = {3},
  pages = {810--864},
  doi = {10.1016/j.jfa.2008.11.001}
}
@article{forman2003,
  author = {Forman, Robin},
  title = {Bochner's method for cell complexes and combinatorial Ricci curvature},
  journal = {Discrete \\& Computational Geometry},
  year = {2003},
  volume = {29},
  number = {3},
  pages = {323--374},
  doi = {10.1007/s00454-002-0743-x}
}
@article{benjamini1995,
  author = {Benjamini, Yoav and Hochberg, Yosef},
  title = {Controlling the false discovery rate: a practical and powerful approach to multiple testing},
  journal = {Journal of the Royal Statistical Society, Series B},
  year = {1995},
  volume = {57},
  number = {1},
  pages = {289--300},
  doi = {10.1111/j.2517-6161.1995.tb02031.x}
}
@article{cameron2015,
  author = {Cameron, A. Colin and Miller, Douglas L.},
  title = {A Practitioner's Guide to Cluster-Robust Inference},
  journal = {Journal of Human Resources},
  year = {2015},
  volume = {50},
  number = {2},
  pages = {317--372},
  doi = {10.3368/jhr.50.2.317}
}
@book{efron1993,
  author = {Efron, Bradley and Tibshirani, Robert J.},
  title = {An Introduction to the Bootstrap},
  publisher = {Chapman \\& Hall/CRC},
  address = {New York},
  year = {1993},
  doi = {10.1007/978-1-4899-4541-9}
}
@article{kutas2011,
  author = {Kutas, Marta and Federmeier, Kara D.},
  title = {Thirty years and counting: Finding meaning in the N400 component of the event-related brain potential (ERP)},
  journal = {Annual Review of Psychology},
  year = {2011},
  volume = {62},
  pages = {621--647},
  doi = {10.1146/annurev.psych.093008.131123}
}
@article{rayner1998,
  author = {Rayner, Keith},
  title = {Eye movements in reading and information processing: 20 years of research},
  journal = {Psychological Bulletin},
  year = {1998},
  volume = {124},
  number = {3},
  pages = {372--422}
}
